%%%%%%%%%%%%%%%%%%%%%%%%%%%%%%%%%%%%%%%%%%%%%%%%%%%%%%%%%%%%%%%%%%%%%%%%%%%%%%%
%% Descr:       Vorlage für Berichte der DHBW-Karlsruhe, BibTeX
%% Author:      Prof. Dr. Jürgen Vollmer, vollmer AT dhbw-karlsruhe.de
%% $Id: bericht.bib,v 1.10 2016/03/16 12:27:42 vollmer draft $
%% -*- coding: utf-8 -*-
%%%%%%%%%%%%%%%%%%%%%%%%%%%%%%%%%%%%%%%%%%%%%%%%%%%%%%%%%%%%%%%%%%%%%%%%%%%%%%%

%%%%
%%  declararion of abbreviations
%%%%

%%%%%%%%%%%%%%%%%%%%%%%%%%%%%%%%%%%%%%%%%%%%%%%%%%%%%%%%%%%%%%%%%%%%%%%%%%%%%%%

@BOOK{markelova.2020,
AUTHOR		= "Aleksandra V. Markelova",
TITLE		= "Embedding asymmetric backdoors into the RSA key generator",
PUBLISHER	= "springer",
YEAR		= 2020
}

@BOOK{BSW.2015,
AUTHOR		= "Albrecht Beutelspacher and Jörg Schwenk and Klaus-Dieter Wolfenstetter",
TITLE		= "Moderne Verfahren der Kryptographie",
PUBLISHER	= "springer",
YEAR		= 2015
}

@BOOK{Beutelspacher.2015,
AUTHOR		= "Albrecht Beutelspacher",
TITLE		= "Kryptologie",
PUBLISHER	= "springer",
YEAR		= 2015
}

@article{fermat:article,
author = {Gupta, Sounak and Paul, Goutam},
year = {2009},
month = {10},
pages = {},
title = {Revisiting Fermat's Factorization for the RSA Modulus}
}


%%%%%%%%%%%%%%%%%%%%%%%%%%%%%%%%%%%%%%%%%%%%%%%%%%%%%%%%%%%%%%%%%%%%%%%%%%%%%%%

% Referenzieren von URL's
@MISC{dante.2010a,
  AUTHOR	= "Dante",
  TITLE		= "Webseite der \emph{Deutschsprachige Anwendervereinigung TeX e.V.}",
  HOWPUBLISHED 	= "\url{http://www.dante.de}",
  YEAR		= 2010,
  MONTH		= jan
}

@misc{ dewiki:213960300,
  author = "Wikipedia",
  title = "Komplexitätstheorie --- Wikipedia{,} die freie Enzyklopädie",
  year = "2021",
  url = "https://de.wikipedia.org/w/index.php?title=Komplexit%C3%A4tstheorie&oldid=213960300",
  note = "[Online; Stand 3. Mai 2022]"
}

@MISC{wiki.komplex,
  AUTHOR = "Standaert FX., Quisquater JJ.",
  TITLE = "Time-Memory Trade-offs",
  YEAR = 2011,
  howpublished = {\url{https://doi.org/10.1007/978-1-4419-5906-5_137}},
}

@misc{mit:diclog,
author = {MIT},
title = {Generic algorithms for the discrete logarithm problem},
howpublished = {\url{https://math.mit.edu/classes/18.783/2015/LectureNotes10.pdf}},
year = {2015},
note = {(Accessed on 05/03/2022)}
}

@misc{dimgt:rsa,
author = {dimgt},
title = {RSA Algorithm},
howpublished = {\url{https://www.di-mgt.com.au/rsa_alg.html}},
year = {2021},
note = {(Accessed on 05/13/2022)}
}




%%%%%%%%%%%%%%%%%%%%%%%%%%%%%%%%%%%%%%%%%%%%%%%%%%%%%%%%%%%%%%%%%%%%%%%%%%%%%%%
